<record><leader>00000cas a22000007a 4500</leader><controlfield tag="001">14555600</controlfield><controlfield tag="008">861028c19809999wiucr ne      0   a0eng c</controlfield><controlfield tag="009">3770</controlfield><datafield ind1=" " ind2=" " tag="010"><subfield code="a">sn 86086741 </subfield></datafield><datafield ind1=" " ind2=" " tag="040"><subfield code="a">NPV</subfield><subfield code="b">eng</subfield><subfield code="c">NPV</subfield><subfield code="d">NSD</subfield><subfield code="d">OCLCQ</subfield></datafield><datafield ind1=" " ind2=" " tag="012"><subfield code="m">1</subfield></datafield><datafield ind1="1" ind2=" " tag="022"><subfield code="a">1085-2069</subfield><subfield code="l">1085-2069</subfield><subfield code="2">1</subfield></datafield><datafield ind1=" " ind2=" " tag="032"><subfield code="a">334340</subfield><subfield code="b">USPS</subfield></datafield><datafield ind1=" " ind2=" " tag="037"><subfield code="b">Juneau County Star-Times, P.O. Box 220, 500 LaCrosse St., Mauston, WI 53948</subfield></datafield><datafield ind1=" " ind2=" " tag="042"><subfield code="a">nsdp</subfield><subfield code="a">pcc</subfield></datafield><datafield ind1=" " ind2="0" tag="222"><subfield code="a">Juneau County star-times</subfield></datafield><datafield ind1="0" ind2="0" tag="245"><subfield code="a">Juneau County star-times.</subfield></datafield><datafield ind1="0" ind2="0" tag="246"><subfield code="a">Juneau County star times</subfield></datafield><datafield ind1="0" ind2="0" tag="246"><subfield code="a">Juneau Co. star times</subfield></datafield><datafield ind1=" " ind2=" " tag="260"><subfield code="a">Mauston, Wis. :</subfield><subfield code="b">L.L. Arnold,</subfield><subfield code="c">1980-</subfield></datafield><datafield ind1=" " ind2=" " tag="300"><subfield code="a">v.</subfield></datafield><datafield ind1=" " ind2=" " tag="310"><subfield code="a">Semiweekly</subfield></datafield><datafield ind1="0" ind2=" " tag="362"><subfield code="a">Vol. 1, no. 1 (Jan. 3, 1980)-</subfield></datafield><datafield ind1=" " ind2=" " tag="580"><subfield code="a">Formed by the union of: The Mauston star (Mauston, Wis. : 1891), New Lisbon times and Juneau County argus, and Juneau County chronicle.</subfield></datafield><datafield ind1=" " ind2=" " tag="752"><subfield code="a">United States</subfield><subfield code="b">Wisconsin</subfield><subfield code="c">Juneau</subfield><subfield code="d">Mauston.</subfield></datafield><datafield ind1="1" ind2="4" tag="780"><subfield code="t">Mauston star (Mauston, Wis. : 1891)</subfield><subfield code="w">(OCoLC)14554271</subfield><subfield code="w">(DLC)sn 86086738</subfield></datafield><datafield ind1="1" ind2="4" tag="780"><subfield code="t">New Lisbon times and Juneau County argus</subfield><subfield code="w">(OCoLC)12433760</subfield><subfield code="w">(DLC)sn 85040960</subfield></datafield><datafield ind1="1" ind2="4" tag="780"><subfield code="t">Juneau County chronicle</subfield><subfield code="w">(DLC)sn 86086813</subfield></datafield><datafield ind1=" " ind2=" " tag="936"><subfield code="a">Vol. 16, no. 44 (Sept. 27, 1995) LIC</subfield></datafield></record>